@Article{43,
	author = {Guy, Some},
	title = {LHC stuff},
	journal = {Journal of stuff},
	year = {2016},
	OPTkey = {key},
	OPTvolume = {volume},
	OPTnumber = {number},
	OPTpages = {pages},
	OPTmonth = {month},
	OPTnote = {note},
	OPTannote = {annote},
	}
	

}

@article{LHC_sketch,
	author        = "Mobs, Esma",
	title         = "{The CERN accelerator complex. Complexe des
	accélérateurs du CERN}",
	month         = "Jul",
	year          = "2016",
	reportNumber  = "OPEN-PHO-ACCEL-2016-009",
	url           = "https://cds.cern.ch/record/2197559",
	note          = "General Photo",
}