@Unpublished{dipole,
	author = {Jean-Luc Caron},
	title = {Cross},
	note = {Sometho},
	key = {dipole1},
	month = {May},
	year = {1998},
}
